<record><leader>00000cas a22000007a 4500</leader><controlfield tag="001">14341710</controlfield><controlfield tag="008">861003d18651865njucr ne      0    0eng d</controlfield><datafield ind1=" " ind2=" " tag="010"><subfield code="a">sn 86077107 </subfield></datafield><datafield ind1=" " ind2=" " tag="040"><subfield code="a">NPA</subfield><subfield code="b">eng</subfield><subfield code="c">NPA</subfield><subfield code="d">OCLCG</subfield><subfield code="d">OCLCQ</subfield><subfield code="d">OCLCF</subfield></datafield><datafield ind1="1" ind2=" " tag="029"><subfield code="a">AU@</subfield><subfield code="b">000025806990</subfield></datafield><datafield ind1=" " ind2=" " tag="042"><subfield code="a">msc</subfield></datafield><datafield ind1="0" ind2="0" tag="245"><subfield code="a">True Jersey blue.</subfield></datafield><datafield ind1=" " ind2=" " tag="260"><subfield code="a">Elizabeth [N.J.] :</subfield><subfield code="b">J. Madison Drake,</subfield><subfield code="c">1865.</subfield></datafield><datafield ind1=" " ind2=" " tag="300"><subfield code="a">v.</subfield></datafield><datafield ind1=" " ind2=" " tag="310"><subfield code="a">Semiweekly</subfield></datafield><datafield ind1="0" ind2=" " tag="362"><subfield code="a">-Nov. 10, 1865.</subfield></datafield><datafield ind1="1" ind2=" " tag="362"><subfield code="a">Began in 1865.</subfield></datafield><datafield ind1=" " ind2=" " tag="500"><subfield code="a">"The True Jersey blue will be issued ... under the auspices of the Soldiers and Sailors Campaign Club until Marcus L. Ward is elected Governor."</subfield></datafield><datafield ind1=" " ind2=" " tag="588"><subfield code="a">Description based on: Oct. 21, 1865.</subfield></datafield><datafield ind1="1" ind2="0" tag="600"><subfield code="a">Ward, Marcus L.</subfield><subfield code="q">(Marcus Lawrence),</subfield><subfield code="d">1812-1884.</subfield></datafield><datafield ind1="1" ind2="7" tag="600"><subfield code="a">Ward, Marcus L.</subfield><subfield code="q">(Marcus Lawrence),</subfield><subfield code="d">1812-1884.</subfield><subfield code="2">fast</subfield><subfield code="0">(OCoLC)fst00173828</subfield></datafield><datafield ind1=" " ind2=" " tag="752"><subfield code="a">United States</subfield><subfield code="b">New Jersey</subfield><subfield code="c">Union</subfield><subfield code="d">Elizabeth.</subfield></datafield></record>